@inproceedings{tor,
	Author = {Dingledine, Roger and Mathewson, Nick and Syverson, Paul},
	Booktitle = {Proceedings of the 13th Conference on USENIX Security Symposium - Volume 13},
	Publisher = {USENIX Association},
	Series = {SSYM'04},
	Title = {Tor: The Second-generation Onion Router},
	Year = {2004}}

@techreport{tcp-over-dtls,
	Author = {J. Reardon and I. Goldberg},
	Institution = {Centre for Applied Cryptographic Research (CACR) at the University of Waterloo},
	Month = {September},
	Title = {{Improving Tor Using a TCP-over-DTLS Tunnel}},
	Url = {http://cacr.uwaterloo.ca/techreports/2009/tech_reports2009.html},
	Year = {2009},
	Bdsk-Url-1 = {http://cacr.uwaterloo.ca/techreports/2009/tech_reports2009.html}}

@techreport{pctcp,
	Author = {M. AlSabah and I. Goldberg},
	Institution = {Centre for Applied Cryptographic Research (CACR) at the University of Waterloo},
	Month = {September},
	Title = {{PCTCP: Per-Circuit TCP-over-IPSec Transport for Anonymous Communication Overlay Networks}},
	Url = {http://cacr.uwaterloo.ca/techreports/2009/tech_reports2009.html},
	Year = {2013},
	Bdsk-Url-1 = {http://cacr.uwaterloo.ca/techreports/2009/tech_reports2009.html}}

@techreport{imux,
	Author = {John Geddes and Rob Jansen and Nicholas Hopper},
	Institution = {Centre for Applied Cryptographic Research (CACR) at the University of Waterloo},
	Month = {November},
	Title = {{IMUX: Managing Tor Connections from Two to Infinity, and Beyond}},
	Url = {http://cacr.uwaterloo.ca/techreports/2009/tech_reports2009.html},
	Year = {2014},
	Bdsk-Url-1 = {http://cacr.uwaterloo.ca/techreports/2009/tech_reports2009.html}}

@article{tor_improvements,
	Author = {Ringledine, R. and Murdoch, S.},
	Month = {MÃ¤rz},
	Title = {{Performance Improvements on Tor or, Why Tor is slow and what we're going to do about it}},
	Url = {http://www.torproject.org/press/presskit/2009-03-11-performance.pdf},
	Year = {2009},
	Bdsk-Url-1 = {http://www.torproject.org/press/presskit/2009-03-11-performance.pdf}}
