@misc{tcp-over-dtls,
  title  = "Improving Tor Using a TCP-over-DTLS Tunnel",
  author = {J. Reardon and I. Goldberg},
  year   = "2009",
  month  = "August",
}
