@techreport{rfc:socks,
AUTHOR =       {M. Leech and M. Ganis and Y. Lee and R. Kuris and D. Koblas and L. Jones},
TITLE =        {{SOCKS Protocol Version 5}},
HOWPUBLISHED = {Internet Requests for Comments},
TYPE =         {RFC},
NUMBER =       {1928},
YEAR =         {1996},
MONTH =        {MÃ¤rz},
INSTITUTION =  {Internet Engineering Task Force},
URL =          {http://tools.ietf.org/html/rfc1928}
}

@techreport{rfc:ipsec,
AUTHOR =       {S. Kent and R. Atkinson},
TITLE =        {{Security Architecture for the Internet Protocol}},
HOWPUBLISHED = {Internet Requests for Comments},
TYPE =         {RFC},
NUMBER =       {2401},
YEAR =         {1998},
MONTH =        {November},
INSTITUTION =  {Internet Engineering Task Force},
URL =          {http://tools.ietf.org/html/rfc2401}
}

@techreport{rfc:tls,
AUTHOR =       {T. Dierks and E. Rescorla},
TITLE =        {{The Transport Layer Security (TLS) Protocol Version 1.2}},
HOWPUBLISHED = {Internet Requests for Comments},
TYPE =         {RFC},
NUMBER =       {5246},
YEAR =         {2008},
MONTH =        {August},
INSTITUTION =  {Internet Engineering Task Force},
URL =          {http://tools.ietf.org/html/rfc2401}
}

@inproceedings{tor,
 author = {Dingledine, Roger and Mathewson, Nick and Syverson, Paul},
 title = {Tor: The Second-generation Onion Router},
 booktitle = {Proceedings of the 13th Conference on USENIX Security Symposium - Volume 13},
 series = {SSYM'04},
 year = {2004},
 publisher = {USENIX Association},
} 

@techreport{tcp-over-dtls,
AUTHOR =       {J. Reardon and I. Goldberg},
TITLE =        {{Improving Tor Using a TCP-over-DTLS Tunnel}},
YEAR =         {2009},
MONTH =        {September},
INSTITUTION =  {Centre for Applied Cryptographic Research (CACR) at the University of Waterloo},
URL =          {http://cacr.uwaterloo.ca/techreports/2009/tech_reports2009.html}
}

@techreport{pctcp,
AUTHOR =       {M. AlSabah and I. Goldberg},
TITLE =        {{PCTCP: Per-Circuit TCP-over-IPSec Transport for Anonymous Communication Overlay Networks}},
YEAR =         {2013},
MONTH =        {September},
INSTITUTION =  {Centre for Applied Cryptographic Research (CACR) at the University of Waterloo},
URL =          {http://cacr.uwaterloo.ca/techreports/2009/tech_reports2009.html}
}
